<record><leader>00000cas a2200000 a 4500</leader><controlfield tag="001">44118477</controlfield><controlfield tag="008">000525c19uu9999mduwr ne      0    0eng c</controlfield><datafield ind1=" " ind2=" " tag="010"><subfield code="a">sn 00063138 </subfield></datafield><datafield ind1=" " ind2=" " tag="040"><subfield code="a">NYS</subfield><subfield code="b">eng</subfield><subfield code="c">NYS</subfield><subfield code="d">OCLCQ</subfield><subfield code="d">OCLCF</subfield><subfield code="d">OCLCO</subfield></datafield><datafield ind1="1" ind2=" " tag="029"><subfield code="a">AU@</subfield><subfield code="b">000021576368</subfield></datafield><datafield ind1=" " ind2=" " tag="042"><subfield code="a">pcc</subfield></datafield><datafield ind1=" " ind2=" " tag="043"><subfield code="a">n-us-md</subfield></datafield><datafield ind1="0" ind2="0" tag="245"><subfield code="a">Delmarva midweek.</subfield></datafield><datafield ind1="1" ind2="7" tag="246"><subfield code="a">Midweek extra</subfield></datafield><datafield ind1=" " ind2=" " tag="260"><subfield code="a">Salisbury, Md. :</subfield><subfield code="b">[s.n.]</subfield></datafield><datafield ind1=" " ind2=" " tag="300"><subfield code="a">v. :</subfield><subfield code="b">ill. ;</subfield><subfield code="c">60 cm.</subfield></datafield><datafield ind1=" " ind2=" " tag="310"><subfield code="a">Weekly</subfield></datafield><datafield ind1=" " ind2=" " tag="588"><subfield code="a">Description based on: Aug. 28, 1991.</subfield></datafield><datafield ind1=" " ind2="0" tag="651"><subfield code="a">Salisbury (Md.)</subfield><subfield code="v">Newspapers.</subfield></datafield><datafield ind1=" " ind2="0" tag="651"><subfield code="a">Wicomico County (Md.)</subfield><subfield code="v">Newspapers.</subfield></datafield><datafield ind1=" " ind2="7" tag="655"><subfield code="a">Newspapers.</subfield><subfield code="2">fast</subfield><subfield code="0">(OCoLC)fst01423814</subfield></datafield><datafield ind1=" " ind2="7" tag="651"><subfield code="a">Maryland</subfield><subfield code="z">Salisbury.</subfield><subfield code="2">fast</subfield><subfield code="0">(OCoLC)fst01210921</subfield></datafield><datafield ind1=" " ind2="7" tag="651"><subfield code="a">Maryland</subfield><subfield code="z">Wicomico County.</subfield><subfield code="2">fast</subfield><subfield code="0">(OCoLC)fst01210922</subfield></datafield><datafield ind1=" " ind2=" " tag="752"><subfield code="a">United States</subfield><subfield code="b">Maryland</subfield><subfield code="c">Wicomico</subfield><subfield code="d">Salisbury.</subfield></datafield><datafield ind1="0" ind2=" " tag="775"><subfield code="t">Daily times (Salisbury, Md.)</subfield><subfield code="w">(DLC)sn 83016638</subfield><subfield code="w">(OCoLC)9958506</subfield></datafield></record>